@book{handbook,
    author = {Kim, Gene and Humble, Jez and Debois, Patrick and Willis, John},
    title = {The DevOps Handbook: How to Create World-Class Agility, Reliability, and Security in Technology Organizations},
    year = {2016},
    publisher = {IT Revolution Press},
    isbn = {978-1942788003}
}
@misc{claude,
    author = {{Anthropic}},
    title = {Claude},
    year = {2025},
    howpublished = {Large language model},
}

@misc{benchmark,
    author = {{Tien Do Nam}},
    title = {{Sharkbench: Benchmarking programming languages and web frameworks}},
    year = {2025}
}

@misc{dashboard,
    author = {itu-devops},
    title = {Status for all groups},
    year = {2025},
    howpublished = {\url{http://aiweb.techfak.uni-bielefeld.de/content/bworld-robot-control-software/}}
}